@article{article_1,
  title     = {A Primer on Reinforcement Learning in Medicine for Clinicians},
  url       = {https://doi.org/10.1038/s41746-024-01316-0},
  author    = {Pushkala Jayaraman and Jacob Desman and Moein Sabounchi and Girish N. Nadkarni and Ankit Sakhuj},
  year      = {2025},
  month     = {November},
  urldate   = {2024-11-26}
}
@article{article_2,
  title={Reinforcement learning algorithms and applications in healthcare and robotics: a comprehensive and systematic review},
  author={Al-Hamadani, Mokhaled NA and Fadhel, Mohammed A and Alzubaidi, Laith and Harangi, Balazs},
  journal={Sensors},
  year={2024},
  month={April},
  publisher={MDPI}
}
